<?xml version="1.0" encoding="UTF-8"?><collection xmlns="http://www.loc.gov/MARC21/slim"><record><leader>00452nam--2200181-i-4500</leader><controlfield tag="001">000036696</controlfield><controlfield tag="002">20161230</controlfield><controlfield tag="005">20161230201041</controlfield><controlfield tag="008">060222s1000------------r-----000-0-rus-d</controlfield><datafield ind1=" " ind2=" " tag="040"><subfield code="a">IFIN-HH</subfield></datafield><datafield ind1=" " ind2=" " tag="041"><subfield code="a">rus</subfield></datafield><datafield ind1=" " ind2=" " tag="080"><subfield code="a">533.9:538.4</subfield></datafield><datafield ind1="1" ind2=" " tag="100"><subfield code="a">Kolesnikov, P.M</subfield></datafield><datafield ind1="1" ind2="0" tag="245"><subfield code="a">Elektrodinamiceskoe uskorenie plazmi</subfield><subfield code="c">P.M. Kolesnikov</subfield></datafield><datafield ind1=" " ind2=" " tag="260"><subfield code="a">Moskva</subfield><subfield code="b">Atomizdat</subfield><subfield code="c">1971</subfield></datafield><datafield ind1=" " ind2=" " tag="300"><subfield code="a">389 p</subfield></datafield><datafield ind1=" " ind2=" " tag="852"><subfield code="a">36692</subfield><subfield code="c">533.9</subfield></datafield><datafield ind1=" " ind2=" " tag="CAT"><subfield code="a">Sys</subfield><subfield code="c">20100923</subfield><subfield code="h">150825</subfield></datafield></record></collection>